<ns:JPK xmlns:ns="http://jpk.mf.gov.pl/wzor/2016/03/09/03095/" xmlns:def="http://crd.gov.pl/xml/schematy/dziedzinowe/mf/2016/01/25/eD/DefinicjeTypy/">
  <ns:Naglowek>
    <ns:KodFormularza kodSystemowy="JPK_FA (1)" wersjaSchemy="1-0">JPK_FA</ns:KodFormularza>
    <ns:WariantFormularza>1</ns:WariantFormularza>
    <ns:CelZlozenia>1</ns:CelZlozenia>
    <ns:DataWytworzeniaJPK>2014-09-19T01:18:33</ns:DataWytworzeniaJPK>
    <ns:DataOd>1900-01-01</ns:DataOd>
    <ns:DataDo>1900-01-01</ns:DataDo>
    <ns:DomyslnyKodWaluty>GWP</ns:DomyslnyKodWaluty>
    <ns:KodUrzedu>0608</ns:KodUrzedu>
  </ns:Naglowek>
  <ns:Podmiot1>
    <ns:IdentyfikatorPodmiotu>
      <def:NIP>1234563218</def:NIP>
      <def:PelnaNazwa>token</def:PelnaNazwa>
      <!--Optional:-->
      <def:REGON>23511332857188</def:REGON>
    </ns:IdentyfikatorPodmiotu>
    <ns:AdresPodmiotu>
      <def:KodKraju>PL</def:KodKraju>
      <def:Wojewodztwo>token</def:Wojewodztwo>
      <def:Powiat>token</def:Powiat>
      <def:Gmina>token</def:Gmina>
      <!--Optional:-->
      <def:Ulica>token</def:Ulica>
      <def:NrDomu>token</def:NrDomu>
      <!--Optional:-->
      <def:NrLokalu>token</def:NrLokalu>
      <def:Miejscowosc>token</def:Miejscowosc>
      <def:KodPocztowy>token</def:KodPocztowy>
      <def:Poczta>token</def:Poczta>
    </ns:AdresPodmiotu>
  </ns:Podmiot1>
  <!--1 or more repetitions:-->
  <ns:Faktura typ="G">
    <ns:P_1>1900-01-01</ns:P_1>
    <ns:P_2A>token</ns:P_2A>
    <!--Optional:-->
    <ns:P_3A>token</ns:P_3A>
    <!--Optional:-->
    <ns:P_3B>token</ns:P_3B>
    <ns:P_3C>token</ns:P_3C>
    <ns:P_3D>token</ns:P_3D>
    <!--Optional:-->
    <ns:P_4A>LV</ns:P_4A>
    <!--Optional:-->
    <ns:P_4B>1234563218</ns:P_4B>
    <!--Optional:-->
    <ns:P_5A>HU</ns:P_5A>
    <!--Optional:-->
    <ns:P_5B>1234563218</ns:P_5B>
    <!--Optional:-->
    <ns:P_6>1900-01-01</ns:P_6>
    <ns:P_13_1>1000.00</ns:P_13_1>
    <ns:P_14_1>1000.00</ns:P_14_1>
    <ns:P_13_2>1000.00</ns:P_13_2>
    <ns:P_14_2>1000.00</ns:P_14_2>
    <ns:P_13_3>1000.00</ns:P_13_3>
    <ns:P_14_3>1000.00</ns:P_14_3>
    <ns:P_13_4>1000.00</ns:P_13_4>
    <ns:P_14_4>1000.00</ns:P_14_4>
    <ns:P_13_5>1000.00</ns:P_13_5>
    <ns:P_14_5>1000.00</ns:P_14_5>
    <!--Optional:-->
    <ns:P_13_6>1000.00</ns:P_13_6>
    <!--Optional:-->
    <ns:P_13_7>1000.00</ns:P_13_7>
    <ns:P_15>1000.00</ns:P_15>
    <ns:P_16>true</ns:P_16>
    <ns:P_17>true</ns:P_17>
    <ns:P_18>false</ns:P_18>
    <ns:P_19>false</ns:P_19>
    <!--Optional:-->
    <ns:P_19A>token</ns:P_19A>
    <!--Optional:-->
    <ns:P_19B>token</ns:P_19B>
    <!--Optional:-->
    <ns:P_19C>token</ns:P_19C>
    <ns:P_20>true</ns:P_20>
    <ns:P_20A>token</ns:P_20A>
    <ns:P_20B>token</ns:P_20B>
    <ns:P_21>false</ns:P_21>
    <ns:P_21A>token</ns:P_21A>
    <ns:P_21B>token</ns:P_21B>
    <ns:P_21C>token</ns:P_21C>
    <ns:P_22A>1900-01-01</ns:P_22A>
    <!--Optional:-->
    <ns:P_22B>token</ns:P_22B>
    <!--Optional:-->
    <ns:P_22C>token</ns:P_22C>
    <ns:P_23>true</ns:P_23>
    <ns:P_106E_2>true</ns:P_106E_2>
    <ns:P_106E_3>false</ns:P_106E_3>
    <!--Optional:-->
    <ns:P_106E_3A>token</ns:P_106E_3A>
    <ns:RodzajFaktury>KOREKTA</ns:RodzajFaktury>
    <ns:PrzyczynaKorekty>token</ns:PrzyczynaKorekty>
    <ns:NrFaKorygowanej>token</ns:NrFaKorygowanej>
    <ns:OkresFaKorygowanej>token</ns:OkresFaKorygowanej>
    <ns:ZALZaplata>1000.00</ns:ZALZaplata>
    <ns:ZALPodatek>1000.00</ns:ZALPodatek>
  </ns:Faktura>
  <ns:FakturaCtrl>
    <ns:LiczbaFaktur>200</ns:LiczbaFaktur>
    <ns:WartoscFaktur>1000.00</ns:WartoscFaktur>
  </ns:FakturaCtrl>
  <ns:StawkiPodatku>
    <ns:Stawka1>100</ns:Stawka1>
    <ns:Stawka2>100</ns:Stawka2>
    <ns:Stawka3>100</ns:Stawka3>
    <ns:Stawka4>100</ns:Stawka4>
    <ns:Stawka5>100</ns:Stawka5>
  </ns:StawkiPodatku>
  <!--1 or more repetitions:-->
  <ns:FakturaWiersz typ="G">
    <ns:P_2B>token</ns:P_2B>
    <!--Optional:-->
    <ns:P_7>token</ns:P_7>
    <!--Optional:-->
    <ns:P_8A>token</ns:P_8A>
    <!--Optional:-->
    <ns:P_8B>1000.00</ns:P_8B>
    <!--Optional:-->
    <ns:P_9A>1000.00</ns:P_9A>
    <!--Optional:-->
    <ns:P_9B>1000.00</ns:P_9B>
    <!--Optional:-->
    <ns:P_10>1000.00</ns:P_10>
    <!--Optional:-->
    <ns:P_11>1000.00</ns:P_11>
    <!--Optional:-->
    <ns:P_11A>1000.00</ns:P_11A>
    <!--Optional:-->
    <ns:P_12>5</ns:P_12>
  </ns:FakturaWiersz>
  <ns:FakturaWierszCtrl>
    <ns:LiczbaWierszyFaktur>200</ns:LiczbaWierszyFaktur>
    <ns:WartoscWierszyFaktur>1000.00</ns:WartoscWierszyFaktur>
  </ns:FakturaWierszCtrl>
</ns:JPK>